@misc{CanadaNutrition,
  author = {Government of Canada},
  title = {Nutrition Labelling},
  year = {2024},
  url = {https://www.canada.ca/en/health-canada/services/food-nutrition/nutrition-labelling.html},
  note = {Accessed: Feb. 1, 2025}
}